<record><leader>00000cas a22000007a 4500</leader><controlfield tag="001">27064638</controlfield><controlfield tag="008">921204d19261926maudn ne      0    0eng d</controlfield><datafield ind1=" " ind2=" " tag="010"><subfield code="a">sn 92057039 </subfield></datafield><datafield ind1=" " ind2=" " tag="040"><subfield code="a">MGN</subfield><subfield code="b">eng</subfield><subfield code="c">MGN</subfield><subfield code="d">OCLCQ</subfield></datafield><datafield ind1=" " ind2=" " tag="042"><subfield code="a">msc</subfield></datafield><datafield ind1="0" ind2="0" tag="245"><subfield code="a">Fall River evening news.</subfield></datafield><datafield ind1=" " ind2=" " tag="260"><subfield code="a">Fall River, Mass. :</subfield><subfield code="b">Almy &amp; Milne</subfield></datafield><datafield ind1=" " ind2=" " tag="300"><subfield code="a">v.</subfield></datafield><datafield ind1=" " ind2=" " tag="310"><subfield code="a">Daily (except Sun.)</subfield></datafield><datafield ind1="0" ind2=" " tag="362"><subfield code="a">Mar. 27, 1926-June 12, 1926.</subfield></datafield><datafield ind1=" " ind2=" " tag="515"><subfield code="a">Issues for 1926 called v. 66-v. 67.</subfield></datafield><datafield ind1=" " ind2=" " tag="752"><subfield code="a">United States</subfield><subfield code="b">Massachusetts</subfield><subfield code="c">Bristol</subfield><subfield code="d">Fall River.</subfield></datafield><datafield ind1="0" ind2="0" tag="780"><subfield code="t">Fall River daily evening news</subfield><subfield code="w">(DLC)sn 83020415</subfield></datafield><datafield ind1="0" ind2="7" tag="785"><subfield code="t">Fall River herald (Fall River, Mass. : 1924)</subfield><subfield code="w">(DLC)sn 89062155</subfield></datafield><datafield ind1="0" ind2="7" tag="785"><subfield code="t">Fall River herald, Fall River evening news</subfield><subfield code="w">(DLC)sn 92056996</subfield></datafield></record>